<?xml version="1.0"?>
<OAI-PMH xmlns="http://www.openarchives.org/OAI/2.0/" xmlns:xsi="http://www.w3.org/2001/XMLSchema-instance" xsi:schemaLocation="http://www.openarchives.org/OAI/2.0/ http://www.openarchives.org/OAI/2.0/OAI-PMH.xsd">
  <responseDate>2022-06-09T09:54:45Z</responseDate>
  <request verb="ListRecords" set="339" metadataPrefix="marc21">https://pod.stanford.edu/oai</request>
  <ListRecords>        <record>
          <header status="deleted">
            <identifier>998212783503681</identifier>
            <datestamp>2022-05-03</datestamp>
          </header>
        </record>
        <record>
          <header>
            <identifier>9977919382003681</identifier>
            <datestamp>2022-05-03</datestamp>
          </header>
          <metadata>
		  <record xmlns="http://www.loc.gov/MARC21/slim"><foo/><leader>10873cam a22004693i 4500</leader><controlfield tag="001">9977919382003681</controlfield><controlfield tag="005">20220501105911.0</controlfield><controlfield tag="006">m     o  d |      </controlfield><controlfield tag="007">cr cnu||||||||</controlfield><controlfield tag="008">220501s2017    xx      o     ||||0 eng d</controlfield><datafield ind1=" " ind2=" " tag="020"><subfield code="a">9781118689165</subfield><subfield code="q">(electronic bk.)</subfield></datafield><datafield ind1=" " ind2=" " tag="020"><subfield code="z">9781118689233</subfield></datafield><datafield ind1=" " ind2=" " tag="035"><subfield code="a">(MiAaPQ)EBC4838305</subfield></datafield><datafield ind1=" " ind2=" " tag="035"><subfield code="a">(Au-PeEL)EBL4838305</subfield></datafield><datafield ind1=" " ind2=" " tag="035"><subfield code="a">(CaPaEBR)ebr11371477</subfield></datafield><datafield ind1=" " ind2=" " tag="035"><subfield code="a">(CaONFJC)MIL1005553</subfield></datafield><datafield ind1=" " ind2=" " tag="035"><subfield code="a">(OCoLC)983733923</subfield></datafield><datafield ind1=" " ind2=" " tag="035"><subfield code="a">(EXLCZ)9917690588900041</subfield></datafield><datafield ind1=" " ind2=" " tag="040"><subfield code="a">MiAaPQ</subfield><subfield code="b">eng</subfield><subfield code="e">rda</subfield><subfield code="e">pn</subfield><subfield code="c">MiAaPQ</subfield><subfield code="d">MiAaPQ</subfield></datafield><datafield ind1=" " ind2="4" tag="050"><subfield code="a">HV8073.F674 2017</subfield></datafield><datafield ind1="0" ind2=" " tag="082"><subfield code="a">363.25071141</subfield></datafield><datafield ind1="1" ind2=" " tag="100"><subfield code="a">Cassella, John Paul.</subfield></datafield><datafield ind1="1" ind2="0" tag="245"><subfield code="a">Forensic Science Education and Training :</subfield><subfield code="b">A Tool-Kit for Lecturers and Practitioner Trainers.</subfield></datafield><datafield ind1=" " ind2="1" tag="264"><subfield code="a">New York :</subfield><subfield code="b">John Wiley &amp; Sons, Incorporated,</subfield><subfield code="c">2017.</subfield></datafield><datafield ind1=" " ind2="4" tag="264"><subfield code="c">&#xA9;2017.</subfield></datafield><datafield ind1=" " ind2=" " tag="300"><subfield code="a">1 online resource (355 pages)</subfield></datafield><datafield ind1=" " ind2=" " tag="336"><subfield code="a">text</subfield><subfield code="b">txt</subfield><subfield code="2">rdacontent</subfield></datafield><datafield ind1=" " ind2=" " tag="337"><subfield code="a">computer</subfield><subfield code="b">c</subfield><subfield code="2">rdamedia</subfield></datafield><datafield ind1=" " ind2=" " tag="338"><subfield code="a">online resource</subfield><subfield code="b">cr</subfield><subfield code="2">rdacarrier</subfield></datafield><datafield ind1="0" ind2=" " tag="505"><subfield code="a">Intro -- Forensic Science Education and Training -- Contents -- List of Contributors -- Foreword -- Acknowledgements -- 1 Forensic Science Education - The Past and the Present In and Out of the Classroom -- Introduction -- Conclusions and Implications for Teaching and Practice -- References -- Further Resources -- 2 Forensic Anthropology Teaching Practice -- Introduction -- Practical Teaching Methods -- Basic Anatomy Teaching -- Forensic Anthropology Basic Techniques -- Teaching Equipment -- Use Of Human Skeletal Material For Teaching Purposes -- Access to Skeletal Collections -- Health and Safety Considerations -- Correct Handling and Storage of Skeletal Remains -- Student Sensibilities -- Alternatives to Human Skeletal Material -- Teaching Forensic Anthropology Theory -- Forensic Cases as Training -- Assessment Methods -- Spotter Tests -- Laboratory Reports -- Post-Mortem Examinations -- Ethics -- Health and Safety Considerations -- Student Sensibilities -- Conclusions -- References -- Further Resources -- 3 Considerations in Using a Crime Scene House Facility for Teaching and Learning -- References -- 4 Taphonomy Facilities as Teaching Aids -- Introduction -- History of Taphonomic Research in Forensic Science -- Taphonomy Research Facilities -- Teaching Forensic Taphonomy -- Establishment of a Taphonomy Facility for Teaching and Research -- The Future of Taphonomy Facilities -- Conclusions -- References -- 5 Forensic Fire Investigation -- Introduction -- Fire and Explosion Investigation Module -- Example Practical Sessions -- Fire Scene Simulation -- Conclusions -- Future Developments -- Recommended Resources -- Introductory Textbooks -- More Detailed Textbooks and Material -- Case Studies -- References -- Further Reading -- 6 Digital Forensics Education -- Introduction -- A Brief History of Digital Forensics Education.</subfield></datafield><datafield ind1="8" ind2=" " tag="505"><subfield code="a">Current Digital Forensic Education -- Digital Forensics as a Sub-Discipline? -- Digital Forensics and Traditional Forensic Science Skill Sets -- Challenges in Digital Forensics Education -- Different Levels of Study -- Education versus Training -- Speed of Technology Change -- Distance Learning Challenges -- Challenges in Incorporating Law into the Digital Forensics Curriculum -- Other Discussions in Digital Forensics Education -- Programming for Digital Forensics -- Lab Requirements for Digital Forensics -- Developing Practical Exercises for Digital Forensics -- Summary -- References -- 7 A Strategy for Teaching Forensic Investigation with Limited Resources -- Introduction -- Historical Background -- Methodology -- Results -- Analysis -- Conclusions -- Acknowledgements -- Appendix 7.A: Budget Information for Forensic Investigation Scenario -- Appendix 7.B: Information on Testing Available for Forensic Investigation Scenario -- Appendix 7.C: Suggested Schedule for Delivery of This Style of Module -- References -- 8 Improving the PhD Through Provision of Skills Training for Postgraduate Researchers -- Introduction -- Study of Student Perception of Training Needs -- Training Course Attendance and Usefulness -- Training Course Delivery -- Conclusions -- References -- 9 Educational Forensic E-gaming as Effective Learning Environments for Higher Education Students -- Introduction -- Background -- Methodology -- Results -- Discussion -- Conclusions -- Acknowledgements -- Glossary -- References -- Further Resources -- 10 Virtual Anatomy Teaching Aids -- Introduction -- Virtual Anatomy in Healthcare Education -- Anatomage Virtual Anatomy as a Teaching Aid -- Anatomy Labs -- Forensic and Virtual Autopsy Imaging -- Advanced Clinical and Procedural Training -- Conclusions -- References -- 11 Online Teaching Aids -- Introduction.</subfield></datafield><datafield ind1="8" ind2=" " tag="505"><subfield code="a">Employability and Transferrable Skills -- Online Learning Management Systems -- iTunes U -- Note-taking Apps - The Age of Evernote and OneNote -- Scientific Demonstration Apps -- Within the Forensic Curriculum -- Practical Guidance for Using Online Tools -- Online, electronic and video games -- Virtual Learning Environments (VLEs) -- Blogs -- Podcast -- RSS -- Wikis -- Creative Commons -- Folksonomy -- Social Networks and Forums -- Twitter -- Facebook -- Academia.edu or Similar -- LinkedIn -- Deciding Which Technology to Use -- Openness for Participation -- Transient Versus Permanent Solutions -- Conclusions -- References -- 12 Simulation, Immersive Gameplay and Virtual Realities in Forensic Science Education -- Introduction -- Terms of Reference -- Serious Games -- Simulation-based Real Environment Learning in Professional Forensic Training -- Hydra Augmented Reality -- Virtual Reality -- Crime Science Investigators (CSIs) -- Augmented Reality -- Augmented Virtuality -- Virtual Reality -- Conclusions -- References -- 13 Training Forensic Practitioners in DNA Profiling -- Introduction -- Prior Knowledge -- Setting the Scene: Expectations -- Preconceptions and Common Misconceptions -- Introductory Concepts -- DNA Structure and Function -- The Profiling Process -- Extraction -- Quantification -- Amplification -- Separation and Detection -- Anti-Contamination -- Intermediate Concepts -- Partial Profiles -- Introduction to Mixtures -- Database Searches -- Statistical Interpretation -- Advanced Concepts -- Activity Level Interpretation -- Modes of Transfer -- DNA Mixtures -- Specialist Techniques -- Low Template Techniques -- Relationship Testing -- Mitochondrial DNA and Y Chromosome STRs -- Familial Database Searches -- Ethnic Inferencing -- Phenotypic Markers -- In The Court of Appeal -- R v Deen, 1994 -- R v Dennis Adams, 1996 and 1997.</subfield></datafield><datafield ind1="8" ind2=" " tag="505"><subfield code="a">R v Doheny and R v Adams, 1997 -- R v Bates and Garside, 2006 -- R v Hoey, 2007 -- R v Reed and Reed, 2009 -- R v Garmson, 2010 -- R v T, 2010 -- R v Weller, 2010 -- R v Thomas, 2011 -- R v Dlugosz, R v Pickering and R v MDS, 2013 -- Teaching Principles -- Appendix 13.A: Low Level Profile Examples -- Example 13.A.1 -- Example 13.A.2 -- Example 13.A.3 -- Example 13.A.4 -- Example 13.A.5 -- References -- 14 The Forensic Investigation of Sexual Offences: Practitioner Course Design and Delivery -- Introduction -- Starting Points -- Evidence Types -- The Body as a Crime Scene: Information from the Forensic Medical Examination -- The Persistence Distribution -- The FME is a Source of Information -- The Speculum Issue -- Why Take Control Swabs? -- Setting the Strategy -- Case Assessment and Interpretation -- The Hierarchy of Propositions -- Dealing with Uncertainty -- Interpretation of Findings -- The Reporter-Examiner Relationship -- Stain Selection and Body Fluid Attribution -- Dealing with Unexpected Results -- Negative Findings -- Writing the Statement -- Writing for the Lay Person -- Technical Explanations -- The Inclusion of Conditioning Information -- Choice of Words -- Transparency of Interpretation -- Cognitive Bias -- Training to Other Audiences -- Legal Professionals -- Police Officers -- Medical Professionals -- Conclusions -- Appendix 14.A: Sexual Offence Case Training Scenarios -- Suggested Tutorial Structure -- Scenario 1 -- Scenario 2 -- Scenario 3 -- Appendix 14.B: Templates for Use in Statement Writing Exercises -- EXPERT WITNESS DECLARATION FORM -- FORENSIC EXAMINATION RECORD -- Witness Statement -- Qualifications and Experience -- Items Received -- Purpose of Examination -- Use of Assistants -- Technical Issues -- Examination and Results -- Interpretation -- Conclusions -- References.</subfield></datafield><datafield ind1="8" ind2=" " tag="505"><subfield code="a">15 The Use of High-Fidelity Simulations in Emergency Management Training -- The Need for High Fidelity -- Scenario Design -- Health and Safety Considerations -- Deployment Hazards -- Site Hazards -- Initial Response -- Site Management -- Evidence Collection -- Media Management -- The Local Hack -- The Radio Interview -- The Television Interview -- The Press Conference -- Team Management -- Witnesses and Interviewing -- Coaching Techniques -- Analysis and Reporting -- Summary -- Reference -- 16 Police Training in the Twenty-first Century -- Introduction -- Training of Future Police Detectives -- Evaluation of Police Performance -- Avoiding Miscarriages of Justice -- Maintaining and Developing the Role of the Senior Investigating Officer (SIO) -- Expert Witnesses -- The Compartmentalisation of Investigative Skills -- Forensic Provision -- Silverman Report on the Closure of the Forensic Science Service -- Ethical Issues -- High Volume Crime -- New Investigative Challenges -- Eco-terrorism -- Cybercrime -- Domestic Terrorism -- Passive Data and Social Networking -- Recommendations -- Conclusions -- Glossary -- References -- 17 The Design and Implementation of Multiple Choice Questions (MCQs) in Forensic Science Assessment -- Introduction to Multiple Choice Questions (MCQs) -- The Benefits and Limitations of MCQ Use in Forensic Science Assessment -- Forensic Science Students Perceptions of MCQs -- MCQ Testing in Forensic Practitioner Competency Testing -- Designing MCQs for Forensic Science -- Basic MCQ Design Principles -- The Development of More Sophisticated MCQs -- Creating Whole Tests of MCQs -- Integrating MCQs into Forensic Science Education and Assessment -- MCQ Test Formats - The Blended Approach -- Different Uses for MCQs -- Positioning MCQ Tests Within a Teaching Programme -- Methods of Implementation -- Management and Organisation of MCQs.</subfield></datafield><datafield ind1="8" ind2=" " tag="505"><subfield code="a">Marking Methods for MCQ Assessments.</subfield></datafield><datafield ind1=" " ind2=" " tag="588"><subfield code="a">Description based on publisher supplied metadata and other sources.</subfield></datafield><datafield ind1=" " ind2="0" tag="650"><subfield code="a">Forensic sciences--Study and teaching (Higher)--Great Britain.</subfield></datafield><datafield ind1=" " ind2="4" tag="655"><subfield code="a">Electronic books.</subfield></datafield><datafield ind1="1" ind2=" " tag="700"><subfield code="a">Maskell, Peter D.</subfield></datafield><datafield ind1="1" ind2=" " tag="700"><subfield code="a">Williams, Anna.</subfield></datafield><datafield ind1="0" ind2="8" tag="776"><subfield code="i">Print version:</subfield><subfield code="a">Cassella, John Paul</subfield><subfield code="t">Forensic Science Education and Training</subfield><subfield code="d">New York : John Wiley &amp; Sons, Incorporated,c2017</subfield><subfield code="z">9781118689233</subfield></datafield><datafield ind1=" " ind2=" " tag="900"><subfield code="5">POD</subfield><subfield code="b">PU</subfield></datafield></record>
          </metadata>
        </record>
<resumptionToken>MzM5OzE7Ozt2MS4w</resumptionToken></ListRecords>
</OAI-PMH>
